
  <record>
    <leader>01414cam a2200325 a 4500</leader>
    <controlfield tag="001">8524683</controlfield>
    <controlfield tag="005">20160420000226.0</controlfield>
    <controlfield tag="007">he|amu|||bacu</controlfield>
    <controlfield tag="008">981020s1541    be a    b     000 0 lat d</controlfield>
    <datafield ind1=" " ind2=" " tag="035">
      <subfield code="9">0164-96960</subfield>
    </datafield>
    <datafield ind1="7" ind2=" " tag="024">
      <subfield code="a">15-1</subfield>
      <subfield code="2">cico</subfield>
    </datafield>
    <datafield ind1="7" ind2=" " tag="024">
      <subfield code="a">cico:88n</subfield>
      <subfield code="2">dclib</subfield>
    </datafield>
    <datafield ind1=" " ind2=" " tag="035">
      <subfield code="9">DCNA98-B6611</subfield>
    </datafield>
    <datafield ind1=" " ind2=" " tag="035">
      <subfield code="a">143178</subfield>
    </datafield>
    <datafield ind1=" " ind2=" " tag="040">
      <subfield code="a">DNGA</subfield>
      <subfield code="c">DNGA</subfield>
    </datafield>
    <datafield ind1="1" ind2=" " tag="100">
      <subfield code="a">Brontius, Nicolaus,</subfield>
      <subfield code="d">16th century.</subfield>
    </datafield>
    <datafield ind1="1" ind2="0" tag="245">
      <subfield code="a">Libellus de vtilitate et harmonia artium tum futuro iurisconsulto, tum liberalium disciplinarum politiorisue literaturae studiosis utilissimus</subfield>
      <subfield code="h">[microform] /</subfield>
      <subfield code="c">authore Nicolao Bro[n?]tio duacensi.</subfield>
    </datafield>
    <datafield ind1="3" ind2=" " tag="246">
      <subfield code="a">Libellus de utilitate et harmonia</subfield>
    </datafield>
    <datafield ind1="3" ind2=" " tag="246">
      <subfield code="a">Libellvs de vtilitate et harmonia</subfield>
    </datafield>
    <datafield ind1=" " ind2=" " tag="260">
      <subfield code="a">Antverpiae :</subfield>
      <subfield code="b">Apud Simonem Cocum,</subfield>
      <subfield code="c">Anno 1541.</subfield>
    </datafield>
    <datafield ind1=" " ind2=" " tag="300">
      <subfield code="a">2 v. :</subfield>
      <subfield code="b">ill.</subfield>
    </datafield>
    <datafield ind1=" " ind2=" " tag="500">
      <subfield code="a">Imprint from colophon.</subfield>
    </datafield>
    <datafield ind1="4" ind2=" " tag="510">
      <subfield code="a">Cicognara,</subfield>
      <subfield code="c">15</subfield>
    </datafield>
    <datafield ind1=" " ind2=" " tag="533">
      <subfield code="a">Microfiche.</subfield>
      <subfield code="b">Cambridge, England :</subfield>
      <subfield code="c">Chadwyck-Healey,</subfield>
      <subfield code="d">1989-</subfield>
      <subfield code="e">5 microfiche : positive.</subfield>
      <subfield code="f">(Cicognara library)</subfield>
    </datafield>
    <datafield ind1=" " ind2="0" tag="650">
      <subfield code="a">Humanism</subfield>
      <subfield code="v">Early works to 1800.</subfield>
    </datafield>
    <datafield ind1="2" ind2=" " tag="710">
      <subfield code="a">Fondo Cicognara (Biblioteca apostolica vaticana)</subfield>
      <subfield code="0">(uri)http://id.loc.gov/authorities/names/nr94016468</subfield>
    </datafield>
    <datafield ind1="2" ind2=" " tag="710">
      <subfield code="a">Leopoldo Cicognara Program (University of Illinois at Urbana-Champaign)</subfield>
      <subfield code="0">(uri)http://id.loc.gov/authorities/names/nr94016472</subfield>
    </datafield>
    <datafield ind1=" " ind2="0" tag="830">
      <subfield code="a">Cicognara library.</subfield>
    </datafield>
    <datafield ind1=" " ind2=" " tag="902">
      <subfield code="a">jwl</subfield>
      <subfield code="b">z</subfield>
      <subfield code="6">a</subfield>
      <subfield code="7">m</subfield>
      <subfield code="d">w</subfield>
      <subfield code="f">0</subfield>
      <subfield code="e">20140623</subfield>
    </datafield>
    <datafield ind1="8" ind2=" " tag="852">
      <subfield code="0">8271613</subfield>
      <subfield code="b">safi</subfield>
      <subfield code="h">MICROFICHE 5</subfield>
    </datafield>
  </record>